@article{boker2002hubble,
  title={A Hubble Space Telescope census of nuclear star clusters in latetype spiral galaxies. I. Observations and image analysis},
  author={Boker, Torsten and Laine, Seppo and van der Marel, Roeland P and Sarzi, Marc and Rix, Hans-Walter and Ho, Luis C and Shields, Joseph C},
  journal={The Astronomical Journal},
  volume={123},
  number={3},
  pages={1389},
  year={2002},
  publisher={IOP Publishing}
}

@book{freeman2006search,
  title={In search of dark matter},
  author={Freeman, Ken and McNamara, Geoff},
  year={2006},
  publisher={Springer Science \& Business Media}
}

@book{shirasaki2015probing,
  title={Probing Cosmic Dark Matter and Dark Energy with Weak Gravitational Lensing Statistics},
  author={Shirasaki, Masato},
  year={2015},
  publisher={Springer}
}

@article{tegmark2006cosmological,
  title={Cosmological constraints from the SDSS luminous red galaxies},
  author={Tegmark, Max and Eisenstein, Daniel J and Strauss, Michael A and Weinberg, David H and Blanton, Michael R and Frieman, Joshua A and Fukugita, Masataka and Gunn, James E and Hamilton, Andrew JS and Knapp, Gillian R and others},
  journal={Physical Review D},
  volume={74},
  number={12},
  pages={123507},
  year={2006},
  publisher={APS}
}

